<record xmlns="http://www.loc.gov/MARC21/slim">
    <leader>01867cas a2200397Ki 4500</leader>
    <controlfield tag="001">a9803970</controlfield>
    <controlfield tag="003">SIRSI</controlfield>
    <controlfield tag="005">20170827003001.0</controlfield>
    <controlfield tag="008">121205d20uu201ugh ar s f0 0eng d</controlfield>
    <datafield ind1=" " ind2=" " tag="040">
        <subfield code="a">STF</subfield>
        <subfield code="b">eng</subfield>
        <subfield code="e">rda</subfield>
        <subfield code="c">STF</subfield>
        <subfield code="d">UtOrBLW</subfield>
    </datafield>
    <datafield ind1=" " ind2=" " tag="043">
        <subfield code="a">f-gh---</subfield>
    </datafield>
    <datafield ind1=" " ind2=" " tag="049">
        <subfield code="a">STFA</subfield>
    </datafield>
    <datafield ind1=" " ind2="4" tag="050">
        <subfield code="a">HJ86.3</subfield>
        <subfield code="b">.A2437</subfield>
    </datafield>
    <datafield ind1="1" ind2=" " tag="110">
        <subfield code="a">Ghana.</subfield>
        <subfield code=" ">^A168717</subfield>
    </datafield>
    <datafield ind1="1" ind2="4" tag="245">
        <subfield code="a">The medium term expenditure framework (MTEF) for ... and the annual
            estimates for ...</subfield>
        <subfield code="n">016,</subfield>
        <subfield code="p">Ministry of Tourism :</subfield>
        <subfield code="b">expenditure to be met out of moneys granted and drawn from the
            consolidated fund, central government budget.</subfield>
    </datafield>
    <datafield ind1="1" ind2="3" tag="246">
        <subfield code="a">Ministry of Tourism MTEF budget document</subfield>
    </datafield>
    <datafield ind1="1" ind2="3" tag="246">
        <subfield code="a">Medium term expenditure framework budget estimates for ... Ministry of
            Tourism</subfield>
    </datafield>
    <datafield ind1=" " ind2=" " tag="260">
        <subfield code="a">[Accra] :</subfield>
        <subfield code="b">Republic of Ghana,</subfield>
    </datafield>
    <datafield ind1=" " ind2=" " tag="300">
        <subfield code="a">volumes ;</subfield>
        <subfield code="c">30 cm</subfield>
    </datafield>
    <datafield ind1=" " ind2=" " tag="310">
        <subfield code="a">Annual</subfield>
    </datafield>
    <datafield ind1=" " ind2=" " tag="336">
        <subfield code="a">text</subfield>
        <subfield code="2">rdacontent</subfield>
    </datafield>
    <datafield ind1=" " ind2=" " tag="337">
        <subfield code="a">unmediated</subfield>
        <subfield code="2">rdamedia</subfield>
    </datafield>
    <datafield ind1=" " ind2=" " tag="338">
        <subfield code="a">volume</subfield>
        <subfield code="2">rdacarrier</subfield>
    </datafield>
    <datafield ind1=" " ind2=" " tag="515">
        <subfield code="a">MTEF covers 3 years. The annual estimate covers the earliest year of the
            MTEF, e.g., 2012/2014 has annual estimates for 2012.</subfield>
    </datafield>
    <datafield ind1=" " ind2=" " tag="588">
        <subfield code="a">Description based on: 2012/2014; title from title page.</subfield>
    </datafield>
    <datafield ind1=" " ind2=" " tag="588">
        <subfield code="a">Latest issue consulted: 2012/2014.</subfield>
    </datafield>
    <datafield ind1=" " ind2="0" tag="650">
        <subfield code="a">Budget</subfield>
        <subfield code="z">Ghana</subfield>
        <subfield code="v">Periodicals.</subfield>
        <subfield code=" ">^A999748</subfield>
    </datafield>
    <datafield ind1=" " ind2="0" tag="651">
        <subfield code="a">Ghana</subfield>
        <subfield code="x">Appropriations and expenditures</subfield>
        <subfield code="v">Periodicals.</subfield>
        <subfield code=" ">^A168717</subfield>
    </datafield>
    <datafield ind1="1" ind2="0" tag="610">
        <subfield code="a">Ghana.</subfield>
        <subfield code="b">Ministry of Tourism (2009-2013)</subfield>
        <subfield code="x">Appropriations and expenditures</subfield>
        <subfield code="v">Periodicals.</subfield>
        <subfield code=" ">UNAUTHORIZED</subfield>
    </datafield>
    <datafield ind1="1" ind2=" " tag="710">
        <subfield code="a">Ghana</subfield>
        <subfield code="b">Ministry of Tourism (2009-2013)</subfield>
        <subfield code=" ">^A168717</subfield>
    </datafield>
    <datafield ind1="0" ind2="0" tag="780">
        <subfield code="a">Ghana.</subfield>
        <subfield code="t">Medium term expenditure framework for ... and the annual estimates for
            ... 16, Ministry of Tourism and Diasporan Relations</subfield>
    </datafield>
    <datafield ind1=" " ind2=" " tag="916">
        <subfield code="a">DATE CATALOGED</subfield>
        <subfield code="b">20121205</subfield>
    </datafield>
    <datafield ind1=" " ind2=" " tag="994">
        <subfield code="a">C0</subfield>
        <subfield code="b">STF</subfield>
    </datafield>
    <datafield ind1=" " ind2=" " tag="596">
        <subfield code="a">31</subfield>
    </datafield>
    <datafield ind1=" " ind2=" " tag="035">
        <subfield code="a">(OCoLC-M)820377113</subfield>
    </datafield>
    <datafield ind1=" " ind2=" " tag="852">
        <subfield code="a">CSt</subfield>
        <subfield code="b">SAL3</subfield>
        <subfield code="c">STACKS</subfield>
        <subfield code=" ">64546</subfield>
    </datafield>
    <datafield ind1="2" ind2=" " tag="853">
        <subfield code="8">2</subfield>
        <subfield code="a">(year)</subfield>
    </datafield>
    <datafield ind1="3" ind2="1" tag="866">
        <subfield code="8">1</subfield>
        <subfield code="a">2012/2014-</subfield>
    </datafield>
    <datafield ind1=" " ind2="1" tag="863">
        <subfield code="8">2.1</subfield>
        <subfield code="a">2012/2014</subfield>
    </datafield>
    <datafield ind1=" " ind2=" " tag="999">
        <subfield code="a">HJ86.3 .A2437 F 2012/2014</subfield>
        <subfield code="w">LCPER</subfield>
        <subfield code="c">1</subfield>
        <subfield code="i">36105218537319</subfield>
        <subfield code="l">STACKS</subfield>
        <subfield code="m">SAL3</subfield>
        <subfield code="r">Y</subfield>
        <subfield code="s">Y</subfield>
        <subfield code="t">STKS-PERI</subfield>
        <subfield code="u">12/11/2012</subfield>
        <subfield code="z">TAX=8.25</subfield>
    </datafield>
</record>
